@InProceedings{EC:BelPoiRog00,
  author =       "Mihir Bellare and
                  David Pointcheval and
                  Phillip Rogaway",
  title =        "Authenticated Key Exchange Secure against Dictionary Attacks",
  pages =        "139--155",
  booktitle =    "EUROCRYPT 2000",
  year =         2000,
  doi =          "10.1007/3-540-45539-6_11"
}

@InProceedings{EC:JanRoyXu25,
  author =       "Jake Januzelli and
                  Lawrence Roy and
                  Jiayu Xu",
  title =        "Under What Conditions Is Encrypted Key Exchange Actually Secure?",
  pages =        "451--481",
  booktitle =    "EUROCRYPT 2025",
  year =         2025,
  doi =          "10.1007/978-3-031-91124-8_16"
}

@InProceedings{EC:KatOstYun01,
  author =       "Jonathan Katz and
                  Rafail Ostrovsky and
                  Moti Yung",
  title =        "Efficient Password-Authenticated Key Exchange Using Human-Memorable Passwords",
  pages =        "475--494",
  booktitle =    "EUROCRYPT 2001",
  year =         2001,
  doi =          "10.1007/3-540-44987-6_29"
}

@InProceedings{EC:CHKLM05,
  author =       "Ran Canetti and
                  Shai Halevi and
                  Jonathan Katz and
                  Yehuda Lindell and
                  Philip D. {MacKenzie}",
  title =        "Universally Composable Password-Based Key Exchange",
  pages =        "404--421",
  booktitle =    "EUROCRYPT 2005",
  year =         2005,
  doi =          "10.1007/11426639_24"
}

@InProceedings{EC:DHPRY18,
  author =       "Pierre-Alain Dupont and
                  Julia Hesse and
                  David Pointcheval and
                  Leonid Reyzin and
                  Sophia Yakoubov",
  title =        "Fuzzy Password-Authenticated Key Exchange",
  pages =        "393--424",
  booktitle =    "EUROCRYPT 2018",
  year =         2018,
  doi =          "10.1007/978-3-319-78372-7_13"
}

@Misc{EPRINT:Xu25,
  author =       "Jiayu Xu",
  title =        "{UC}-Security of Encrypted Key Exchange: {A} Tutorial",
  howpublished = "Cryptology ePrint Archive",
  url =          "https://eprint.iacr.org/2025/237",
  year =         2025
}

@InProceedings{FOCS:Canetti01,
  author =       "Ran Canetti",
  title =        "Universally Composable Security: A New Paradigm for Cryptographic Protocols",
  pages =        "136--145",
  booktitle =    "FOCS 2001",
  year =         2001,
  doi =          "10.1109/SFCS.2001.959888"
}

@Article{JACM:KatOstYun09,
  author =       "Jonathan Katz and
                  Rafail Ostrovsky and
                  Moti Yung ",
  title =        "Efficient and Secure Authenticated Key Exchange Using Weak Passwords",
  pages =        "78--116",
  journal =      "Journal of the ACM",
  volume =       57,
  year =         2009,
  number =       1,
  doi =          "10.1145/1613676.1613679"
}

@InProceedings{PKC:RoyXu23,
  author =       "Lawrence Roy and
                  Jiayu Xu",
  title =        "A Universally Composable {PAKE} with Zero Communication Cost ({A}nd Why It Shouldn't Be Considered 
  {UC}-Secure)",
  pages =        "714--743",
  booktitle =    "PKC 2023",
  year =         2023,
  doi =          "10.1007/978-3-031-31368-4_25"
}

@InProceedings{SP:BelMer92,
  author =       "Steven M. Bellovin and
                  Michael Merritt",
  title =        "Encrypted Key Exchange: Password-Based Protocols Secure against Dictionary Attacks",
  pages =        "72--84",
  booktitle =    "S\&P 1992",
  year =         1992,
  doi =          "10.1109/RISP.1992.213269"
}

@InProceedings{TCC:KatVai11,
  author =       "Jonathan Katz and
                  Vinod Vaikuntanathan",
  title =        "Round-Optimal Password-Based Authenticated Key Exchange",
  pages =        "293--310",
  booktitle =    "TCC 2011",
  year =         2011,
  doi =          "10.1007/978-3-642-19571-6_18"
}
